@Book{maudemanual,
	author		=	"Manuel Clavel, Francisco Durán, Steven Eker, Patrick Lincoln, Narciso Martí-Oliet, José Meseguer and Carolyn Talcott",
	title		=	"Maude Manual (Version 2.6)",
	month		=	"January",
	year		=	2011,
	publisher	=	"Freely avaiable at http://maude.cs.uiuc.edu/maude2-manual/maude-manual.pdf"
}
@Book{tutmaude,
	author		=	"Manuel Clavel, Francisco Durán, Steven Eker, Patrick Lincoln, Narciso Martí-Oliet, José Meseguer and José F. Quesada",
	title		=	"A tutorial on Maude",
	publisher	=	"SRI International",
	year		=	2000,
	month		=	"March",
	note		=	"Freely avaiable at http://maude.cs.uiuc.edu/maude1/tutorial/"
}

@inproceedings{
	martí-oliet00rewriting,
    author = {Narciso Martí-Oliet and José Meseguer},
    title = {Rewriting logic as a logical and semantic framework},
    booktitle = {Electronic Notes in Theoretical Computer Science},
    volume = {4},
    publisher = {Elsevier Science Publishers},
    editor = {J. Meseguer},
    year = {2000}
}

@INPROCEEDINGS{
	Clavel97reflectionin,
    author = {Manuel Clavel and José Meseguer},
    title = {Reflection in Rewriting Logic and its Applications in the Maude Language},
    booktitle = {In IMSA'97, pages 128--139. Information-Technology Promotion Agency},
    year = {1997},
    pages = {128--139}
}

@inproceedings{DBLP:conf/vmcai/HeraultLMP04,
  author    = {Thomas H{\'e}rault and
               Richard Lassaigne and
               Fr{\'e}d{\'e}ric Magniette and
               Sylvain Peyronnet},
  title     = {Approximate Probabilistic Model Checking},
  booktitle = {VMCAI},
  year      = {2004},
  pages     = {73-84},
  ee        = {http://dx.doi.org/10.1007/978-3-540-24622-0_8},
  crossref  = {DBLP:conf/vmcai/2004},
  bibsource = {DBLP, http://dblp.uni-trier.de}
}
@proceedings{DBLP:conf/vmcai/2004,
  editor    = {Bernhard Steffen and
               Giorgio Levi},
  title     = {Verification, Model Checking, and Abstract Interpretation,
               5th International Conference, VMCAI 2004, Venice, January
               11-13, 2004, Proceedings},
  booktitle = {VMCAI},
  publisher = {Springer},
  series    = {Lecture Notes in Computer Science},
  volume    = {2937},
  year      = {2004},
  isbn      = {3-540-20803-8},
  bibsource = {DBLP, http://dblp.uni-trier.de}
}

@InProceedings{HLMP04,
author={T. H\'erault and R. Lassaigne and F. Magniette and S. Peyronnet},
title={Approximate Probabilistic Model Checking},
booktitle={Proc. 5th International Conference on Verification, Model Checking and Abstract Interpretation (VMCAI'04)},
year={2004},
pages={307-329},
publisher={Springer},
series={LNCS},
volume={2937},
}

@other{gnudi,
	author		=	"Gianni Gnudi",
	title		=	"Dispense di Bioingegneria - Modelli matematici a compartimenti",
	note		=	"AA 2010/2011"
}