@Book{maudemanual,
	author		=	"Manuel Clavel, Francisco Durán, Steven Eker, Patrick Lincoln, Narciso Martí-Oliet, José Meseguer and Carolyn Talcott",
	title		=	"Maude Manual (Version 2.6)",
	month		=	"January",
	year		=	2011,
	publisher	=	"Freely avaiable at http://maude.cs.uiuc.edu/maude2-manual/maude-manual.pdf"
}